%YAML 1.1
%TAG !u! tag:unity3d.com,2011:
--- !u!1 &1474806951448797089
GameObject:
  m_ObjectHideFlags: 0
  m_CorrespondingSourceObject: {fileID: 0}
  m_PrefabInstance: {fileID: 0}
  m_PrefabAsset: {fileID: 0}
  serializedVersion: 6
  m_Component:
  - component: {fileID: 1474806951449084801}
  - component: {fileID: 1474806951447757729}
  - component: {fileID: 1474806951446790497}
  m_Layer: 0
  m_Name: fi_vil_signpole01_D_example
  m_TagString: Untagged
  m_Icon: {fileID: 0}
  m_NavMeshLayer: 0
  m_StaticEditorFlags: 0
  m_IsActive: 1
--- !u!4 &1474806951449084801
Transform:
  m_ObjectHideFlags: 0
  m_CorrespondingSourceObject: {fileID: 0}
  m_PrefabInstance: {fileID: 0}
  m_PrefabAsset: {fileID: 0}
  m_GameObject: {fileID: 1474806951448797089}
  m_LocalRotation: {x: -0, y: -0, z: -0, w: 1}
  m_LocalPosition: {x: 6.5, y: 1, z: 0}
  m_LocalScale: {x: 1, y: 1, z: 1}
  m_Children:
  - {fileID: 1474806951449084803}
  - {fileID: 2042284062025490158}
  - {fileID: 7628302668715275239}
  m_Father: {fileID: 0}
  m_RootOrder: 0
  m_LocalEulerAnglesHint: {x: 0, y: 0, z: 0}
--- !u!33 &1474806951447757729
MeshFilter:
  m_ObjectHideFlags: 0
  m_CorrespondingSourceObject: {fileID: 0}
  m_PrefabInstance: {fileID: 0}
  m_PrefabAsset: {fileID: 0}
  m_GameObject: {fileID: 1474806951448797089}
  m_Mesh: {fileID: 4300000, guid: 56ce4fdcf69e3c8458307c7274572521, type: 3}
--- !u!23 &1474806951446790497
MeshRenderer:
  m_ObjectHideFlags: 0
  m_CorrespondingSourceObject: {fileID: 0}
  m_PrefabInstance: {fileID: 0}
  m_PrefabAsset: {fileID: 0}
  m_GameObject: {fileID: 1474806951448797089}
  m_Enabled: 1
  m_CastShadows: 1
  m_ReceiveShadows: 1
  m_DynamicOccludee: 1
  m_MotionVectors: 1
  m_LightProbeUsage: 0
  m_ReflectionProbeUsage: 1
  m_RayTracingMode: 2
  m_RenderingLayerMask: 1
  m_RendererPriority: 0
  m_Materials:
  - {fileID: 2100000, guid: 2c4401510f3cbe944a203a24e7eb59b0, type: 2}
  m_StaticBatchInfo:
    firstSubMesh: 0
    subMeshCount: 0
  m_StaticBatchRoot: {fileID: 0}
  m_ProbeAnchor: {fileID: 0}
  m_LightProbeVolumeOverride: {fileID: 0}
  m_ScaleInLightmap: 1
  m_ReceiveGI: 1
  m_PreserveUVs: 0
  m_IgnoreNormalsForChartDetection: 0
  m_ImportantGI: 0
  m_StitchLightmapSeams: 1
  m_SelectedEditorRenderState: 3
  m_MinimumChartSize: 4
  m_AutoUVMaxDistance: 0.5
  m_AutoUVMaxAngle: 89
  m_LightmapParameters: {fileID: 0}
  m_SortingLayerID: 0
  m_SortingLayer: 0
  m_SortingOrder: 0
--- !u!1 &1474806951448797091
GameObject:
  m_ObjectHideFlags: 0
  m_CorrespondingSourceObject: {fileID: 0}
  m_PrefabInstance: {fileID: 0}
  m_PrefabAsset: {fileID: 0}
  serializedVersion: 6
  m_Component:
  - component: {fileID: 1474806951449084803}
  - component: {fileID: 1474806951447757731}
  - component: {fileID: 1474806951446790499}
  m_Layer: 0
  m_Name: fi_vil_signplate01
  m_TagString: Untagged
  m_Icon: {fileID: 0}
  m_NavMeshLayer: 0
  m_StaticEditorFlags: 0
  m_IsActive: 1
--- !u!4 &1474806951449084803
Transform:
  m_ObjectHideFlags: 0
  m_CorrespondingSourceObject: {fileID: 0}
  m_PrefabInstance: {fileID: 0}
  m_PrefabAsset: {fileID: 0}
  m_GameObject: {fileID: 1474806951448797091}
  m_LocalRotation: {x: 0, y: 0, z: 0, w: 1}
  m_LocalPosition: {x: 1.0031341, y: 0, z: 0}
  m_LocalScale: {x: 1, y: 1, z: 1}
  m_Children: []
  m_Father: {fileID: 1474806951449084801}
  m_RootOrder: 0
  m_LocalEulerAnglesHint: {x: 0, y: 0, z: 0}
--- !u!33 &1474806951447757731
MeshFilter:
  m_ObjectHideFlags: 0
  m_CorrespondingSourceObject: {fileID: 0}
  m_PrefabInstance: {fileID: 0}
  m_PrefabAsset: {fileID: 0}
  m_GameObject: {fileID: 1474806951448797091}
  m_Mesh: {fileID: 4300000, guid: d091254ad8b5b2f4b801324f10f53e6e, type: 3}
--- !u!23 &1474806951446790499
MeshRenderer:
  m_ObjectHideFlags: 0
  m_CorrespondingSourceObject: {fileID: 0}
  m_PrefabInstance: {fileID: 0}
  m_PrefabAsset: {fileID: 0}
  m_GameObject: {fileID: 1474806951448797091}
  m_Enabled: 1
  m_CastShadows: 1
  m_ReceiveShadows: 1
  m_DynamicOccludee: 1
  m_MotionVectors: 1
  m_LightProbeUsage: 0
  m_ReflectionProbeUsage: 1
  m_RayTracingMode: 2
  m_RenderingLayerMask: 1
  m_RendererPriority: 0
  m_Materials:
  - {fileID: 2100000, guid: 2c4401510f3cbe944a203a24e7eb59b0, type: 2}
  m_StaticBatchInfo:
    firstSubMesh: 0
    subMeshCount: 0
  m_StaticBatchRoot: {fileID: 0}
  m_ProbeAnchor: {fileID: 0}
  m_LightProbeVolumeOverride: {fileID: 0}
  m_ScaleInLightmap: 1
  m_ReceiveGI: 1
  m_PreserveUVs: 0
  m_IgnoreNormalsForChartDetection: 0
  m_ImportantGI: 0
  m_StitchLightmapSeams: 1
  m_SelectedEditorRenderState: 3
  m_MinimumChartSize: 4
  m_AutoUVMaxDistance: 0.5
  m_AutoUVMaxAngle: 89
  m_LightmapParameters: {fileID: 0}
  m_SortingLayerID: 0
  m_SortingLayer: 0
  m_SortingOrder: 0
--- !u!1001 &2042284062025876590
PrefabInstance:
  m_ObjectHideFlags: 0
  serializedVersion: 2
  m_Modification:
    m_TransformParent: {fileID: 1474806951449084801}
    m_Modifications:
    - target: {fileID: 100000, guid: 1fd9a78534893024095290a5065d6fd1, type: 3}
      propertyPath: m_Name
      value: fi_vil_food_bread02
      objectReference: {fileID: 0}
    - target: {fileID: 400000, guid: 1fd9a78534893024095290a5065d6fd1, type: 3}
      propertyPath: m_RootOrder
      value: 1
      objectReference: {fileID: 0}
    - target: {fileID: 400000, guid: 1fd9a78534893024095290a5065d6fd1, type: 3}
      propertyPath: m_LocalScale.x
      value: 1
      objectReference: {fileID: 0}
    - target: {fileID: 400000, guid: 1fd9a78534893024095290a5065d6fd1, type: 3}
      propertyPath: m_LocalScale.y
      value: 0.5
      objectReference: {fileID: 0}
    - target: {fileID: 400000, guid: 1fd9a78534893024095290a5065d6fd1, type: 3}
      propertyPath: m_LocalScale.z
      value: 1.5
      objectReference: {fileID: 0}
    - target: {fileID: 400000, guid: 1fd9a78534893024095290a5065d6fd1, type: 3}
      propertyPath: m_LocalPosition.x
      value: 1.000001
      objectReference: {fileID: 0}
    - target: {fileID: 400000, guid: 1fd9a78534893024095290a5065d6fd1, type: 3}
      propertyPath: m_LocalPosition.y
      value: 2.4660008
      objectReference: {fileID: 0}
    - target: {fileID: 400000, guid: 1fd9a78534893024095290a5065d6fd1, type: 3}
      propertyPath: m_LocalPosition.z
      value: 0
      objectReference: {fileID: 0}
    - target: {fileID: 400000, guid: 1fd9a78534893024095290a5065d6fd1, type: 3}
      propertyPath: m_LocalRotation.w
      value: 0.27059892
      objectReference: {fileID: 0}
    - target: {fileID: 400000, guid: 1fd9a78534893024095290a5065d6fd1, type: 3}
      propertyPath: m_LocalRotation.x
      value: 0.27059892
      objectReference: {fileID: 0}
    - target: {fileID: 400000, guid: 1fd9a78534893024095290a5065d6fd1, type: 3}
      propertyPath: m_LocalRotation.y
      value: -0.6532811
      objectReference: {fileID: 0}
    - target: {fileID: 400000, guid: 1fd9a78534893024095290a5065d6fd1, type: 3}
      propertyPath: m_LocalRotation.z
      value: -0.6532812
      objectReference: {fileID: 0}
    - target: {fileID: 400000, guid: 1fd9a78534893024095290a5065d6fd1, type: 3}
      propertyPath: m_LocalEulerAnglesHint.x
      value: 225
      objectReference: {fileID: 0}
    - target: {fileID: 400000, guid: 1fd9a78534893024095290a5065d6fd1, type: 3}
      propertyPath: m_LocalEulerAnglesHint.y
      value: 89.99999
      objectReference: {fileID: 0}
    - target: {fileID: 400000, guid: 1fd9a78534893024095290a5065d6fd1, type: 3}
      propertyPath: m_LocalEulerAnglesHint.z
      value: 89.99999
      objectReference: {fileID: 0}
    m_RemovedComponents: []
  m_SourcePrefab: {fileID: 100100000, guid: 1fd9a78534893024095290a5065d6fd1, type: 3}
--- !u!4 &2042284062025490158 stripped
Transform:
  m_CorrespondingSourceObject: {fileID: 400000, guid: 1fd9a78534893024095290a5065d6fd1,
    type: 3}
  m_PrefabInstance: {fileID: 2042284062025876590}
  m_PrefabAsset: {fileID: 0}
--- !u!1001 &7628302668715665767
PrefabInstance:
  m_ObjectHideFlags: 0
  serializedVersion: 2
  m_Modification:
    m_TransformParent: {fileID: 1474806951449084801}
    m_Modifications:
    - target: {fileID: 100000, guid: 1fd9a78534893024095290a5065d6fd1, type: 3}
      propertyPath: m_Name
      value: fi_vil_food_bread02 (1)
      objectReference: {fileID: 0}
    - target: {fileID: 400000, guid: 1fd9a78534893024095290a5065d6fd1, type: 3}
      propertyPath: m_RootOrder
      value: 2
      objectReference: {fileID: 0}
    - target: {fileID: 400000, guid: 1fd9a78534893024095290a5065d6fd1, type: 3}
      propertyPath: m_LocalScale.x
      value: 1
      objectReference: {fileID: 0}
    - target: {fileID: 400000, guid: 1fd9a78534893024095290a5065d6fd1, type: 3}
      propertyPath: m_LocalScale.y
      value: 0.5
      objectReference: {fileID: 0}
    - target: {fileID: 400000, guid: 1fd9a78534893024095290a5065d6fd1, type: 3}
      propertyPath: m_LocalScale.z
      value: 1.5
      objectReference: {fileID: 0}
    - target: {fileID: 400000, guid: 1fd9a78534893024095290a5065d6fd1, type: 3}
      propertyPath: m_LocalPosition.x
      value: 1.0000029
      objectReference: {fileID: 0}
    - target: {fileID: 400000, guid: 1fd9a78534893024095290a5065d6fd1, type: 3}
      propertyPath: m_LocalPosition.y
      value: 2.4660022
      objectReference: {fileID: 0}
    - target: {fileID: 400000, guid: 1fd9a78534893024095290a5065d6fd1, type: 3}
      propertyPath: m_LocalPosition.z
      value: 0
      objectReference: {fileID: 0}
    - target: {fileID: 400000, guid: 1fd9a78534893024095290a5065d6fd1, type: 3}
      propertyPath: m_LocalRotation.w
      value: 0.27059805
      objectReference: {fileID: 0}
    - target: {fileID: 400000, guid: 1fd9a78534893024095290a5065d6fd1, type: 3}
      propertyPath: m_LocalRotation.x
      value: -0.27059805
      objectReference: {fileID: 0}
    - target: {fileID: 400000, guid: 1fd9a78534893024095290a5065d6fd1, type: 3}
      propertyPath: m_LocalRotation.y
      value: 0.6532815
      objectReference: {fileID: 0}
    - target: {fileID: 400000, guid: 1fd9a78534893024095290a5065d6fd1, type: 3}
      propertyPath: m_LocalRotation.z
      value: -0.6532815
      objectReference: {fileID: 0}
    - target: {fileID: 400000, guid: 1fd9a78534893024095290a5065d6fd1, type: 3}
      propertyPath: m_LocalEulerAnglesHint.x
      value: 135
      objectReference: {fileID: 0}
    - target: {fileID: 400000, guid: 1fd9a78534893024095290a5065d6fd1, type: 3}
      propertyPath: m_LocalEulerAnglesHint.y
      value: 270
      objectReference: {fileID: 0}
    - target: {fileID: 400000, guid: 1fd9a78534893024095290a5065d6fd1, type: 3}
      propertyPath: m_LocalEulerAnglesHint.z
      value: 90
      objectReference: {fileID: 0}
    m_RemovedComponents: []
  m_SourcePrefab: {fileID: 100100000, guid: 1fd9a78534893024095290a5065d6fd1, type: 3}
--- !u!4 &7628302668715275239 stripped
Transform:
  m_CorrespondingSourceObject: {fileID: 400000, guid: 1fd9a78534893024095290a5065d6fd1,
    type: 3}
  m_PrefabInstance: {fileID: 7628302668715665767}
  m_PrefabAsset: {fileID: 0}
