%YAML 1.1
%TAG !u! tag:unity3d.com,2011:
--- !u!1 &1474806951448797089
GameObject:
  m_ObjectHideFlags: 0
  m_CorrespondingSourceObject: {fileID: 0}
  m_PrefabInstance: {fileID: 0}
  m_PrefabAsset: {fileID: 0}
  serializedVersion: 6
  m_Component:
  - component: {fileID: 1474806951449084801}
  - component: {fileID: 1474806951447757729}
  - component: {fileID: 1474806951446790497}
  m_Layer: 0
  m_Name: Forge_signpost 1
  m_TagString: Untagged
  m_Icon: {fileID: 0}
  m_NavMeshLayer: 0
  m_StaticEditorFlags: 0
  m_IsActive: 1
--- !u!4 &1474806951449084801
Transform:
  m_ObjectHideFlags: 0
  m_CorrespondingSourceObject: {fileID: 0}
  m_PrefabInstance: {fileID: 0}
  m_PrefabAsset: {fileID: 0}
  m_GameObject: {fileID: 1474806951448797089}
  m_LocalRotation: {x: -0, y: -0, z: -0, w: 1}
  m_LocalPosition: {x: 6.5, y: 1, z: 0}
  m_LocalScale: {x: 1, y: 1, z: 1}
  m_Children:
  - {fileID: 8809120824150605852}
  - {fileID: 7076172137870692879}
  - {fileID: 1396122730799444522}
  - {fileID: 8540486987145940357}
  - {fileID: 5074037653586871747}
  m_Father: {fileID: 0}
  m_RootOrder: 0
  m_LocalEulerAnglesHint: {x: 0, y: 0, z: 0}
--- !u!33 &1474806951447757729
MeshFilter:
  m_ObjectHideFlags: 0
  m_CorrespondingSourceObject: {fileID: 0}
  m_PrefabInstance: {fileID: 0}
  m_PrefabAsset: {fileID: 0}
  m_GameObject: {fileID: 1474806951448797089}
  m_Mesh: {fileID: 4300000, guid: 56ce4fdcf69e3c8458307c7274572521, type: 3}
--- !u!23 &1474806951446790497
MeshRenderer:
  m_ObjectHideFlags: 0
  m_CorrespondingSourceObject: {fileID: 0}
  m_PrefabInstance: {fileID: 0}
  m_PrefabAsset: {fileID: 0}
  m_GameObject: {fileID: 1474806951448797089}
  m_Enabled: 1
  m_CastShadows: 1
  m_ReceiveShadows: 1
  m_DynamicOccludee: 1
  m_MotionVectors: 1
  m_LightProbeUsage: 0
  m_ReflectionProbeUsage: 1
  m_RayTracingMode: 2
  m_RenderingLayerMask: 1
  m_RendererPriority: 0
  m_Materials:
  - {fileID: 2100000, guid: 2c4401510f3cbe944a203a24e7eb59b0, type: 2}
  m_StaticBatchInfo:
    firstSubMesh: 0
    subMeshCount: 0
  m_StaticBatchRoot: {fileID: 0}
  m_ProbeAnchor: {fileID: 0}
  m_LightProbeVolumeOverride: {fileID: 0}
  m_ScaleInLightmap: 1
  m_ReceiveGI: 1
  m_PreserveUVs: 0
  m_IgnoreNormalsForChartDetection: 0
  m_ImportantGI: 0
  m_StitchLightmapSeams: 1
  m_SelectedEditorRenderState: 3
  m_MinimumChartSize: 4
  m_AutoUVMaxDistance: 0.5
  m_AutoUVMaxAngle: 89
  m_LightmapParameters: {fileID: 0}
  m_SortingLayerID: 0
  m_SortingLayer: 0
  m_SortingOrder: 0
--- !u!1001 &1396122730799048874
PrefabInstance:
  m_ObjectHideFlags: 0
  serializedVersion: 2
  m_Modification:
    m_TransformParent: {fileID: 1474806951449084801}
    m_Modifications:
    - target: {fileID: 100000, guid: b89438d640fe59f4fbc019b356247047, type: 3}
      propertyPath: m_Name
      value: fi_vil_forge_shortsword2
      objectReference: {fileID: 0}
    - target: {fileID: 400000, guid: b89438d640fe59f4fbc019b356247047, type: 3}
      propertyPath: m_RootOrder
      value: 2
      objectReference: {fileID: 0}
    - target: {fileID: 400000, guid: b89438d640fe59f4fbc019b356247047, type: 3}
      propertyPath: m_LocalScale.x
      value: 1
      objectReference: {fileID: 0}
    - target: {fileID: 400000, guid: b89438d640fe59f4fbc019b356247047, type: 3}
      propertyPath: m_LocalScale.y
      value: 1
      objectReference: {fileID: 0}
    - target: {fileID: 400000, guid: b89438d640fe59f4fbc019b356247047, type: 3}
      propertyPath: m_LocalScale.z
      value: 1.5000002
      objectReference: {fileID: 0}
    - target: {fileID: 400000, guid: b89438d640fe59f4fbc019b356247047, type: 3}
      propertyPath: m_LocalPosition.x
      value: 0.7724533
      objectReference: {fileID: 0}
    - target: {fileID: 400000, guid: b89438d640fe59f4fbc019b356247047, type: 3}
      propertyPath: m_LocalPosition.y
      value: 2.597427
      objectReference: {fileID: 0}
    - target: {fileID: 400000, guid: b89438d640fe59f4fbc019b356247047, type: 3}
      propertyPath: m_LocalPosition.z
      value: -0.00500024
      objectReference: {fileID: 0}
    - target: {fileID: 400000, guid: b89438d640fe59f4fbc019b356247047, type: 3}
      propertyPath: m_LocalRotation.w
      value: 0.35355425
      objectReference: {fileID: 0}
    - target: {fileID: 400000, guid: b89438d640fe59f4fbc019b356247047, type: 3}
      propertyPath: m_LocalRotation.x
      value: 0.6123713
      objectReference: {fileID: 0}
    - target: {fileID: 400000, guid: b89438d640fe59f4fbc019b356247047, type: 3}
      propertyPath: m_LocalRotation.y
      value: 0.3535532
      objectReference: {fileID: 0}
    - target: {fileID: 400000, guid: b89438d640fe59f4fbc019b356247047, type: 3}
      propertyPath: m_LocalRotation.z
      value: -0.6123732
      objectReference: {fileID: 0}
    - target: {fileID: 400000, guid: b89438d640fe59f4fbc019b356247047, type: 3}
      propertyPath: m_LocalEulerAnglesHint.x
      value: 120
      objectReference: {fileID: 0}
    - target: {fileID: 400000, guid: b89438d640fe59f4fbc019b356247047, type: 3}
      propertyPath: m_LocalEulerAnglesHint.y
      value: 89.99999
      objectReference: {fileID: 0}
    - target: {fileID: 400000, guid: b89438d640fe59f4fbc019b356247047, type: 3}
      propertyPath: m_LocalEulerAnglesHint.z
      value: -0.000015258789
      objectReference: {fileID: 0}
    m_RemovedComponents: []
  m_SourcePrefab: {fileID: 100100000, guid: b89438d640fe59f4fbc019b356247047, type: 3}
--- !u!4 &1396122730799444522 stripped
Transform:
  m_CorrespondingSourceObject: {fileID: 400000, guid: b89438d640fe59f4fbc019b356247047,
    type: 3}
  m_PrefabInstance: {fileID: 1396122730799048874}
  m_PrefabAsset: {fileID: 0}
--- !u!1001 &5074037653587271491
PrefabInstance:
  m_ObjectHideFlags: 0
  serializedVersion: 2
  m_Modification:
    m_TransformParent: {fileID: 1474806951449084801}
    m_Modifications:
    - target: {fileID: 100000, guid: 82c33c47503b6d848ae664c5f4495b22, type: 3}
      propertyPath: m_Name
      value: fi_vil_forge_hammer1 (1)
      objectReference: {fileID: 0}
    - target: {fileID: 400000, guid: 82c33c47503b6d848ae664c5f4495b22, type: 3}
      propertyPath: m_RootOrder
      value: 4
      objectReference: {fileID: 0}
    - target: {fileID: 400000, guid: 82c33c47503b6d848ae664c5f4495b22, type: 3}
      propertyPath: m_LocalScale.x
      value: 0.2
      objectReference: {fileID: 0}
    - target: {fileID: 400000, guid: 82c33c47503b6d848ae664c5f4495b22, type: 3}
      propertyPath: m_LocalScale.y
      value: 0.7
      objectReference: {fileID: 0}
    - target: {fileID: 400000, guid: 82c33c47503b6d848ae664c5f4495b22, type: 3}
      propertyPath: m_LocalScale.z
      value: 0.7
      objectReference: {fileID: 0}
    - target: {fileID: 400000, guid: 82c33c47503b6d848ae664c5f4495b22, type: 3}
      propertyPath: m_LocalPosition.x
      value: 0.863
      objectReference: {fileID: 0}
    - target: {fileID: 400000, guid: 82c33c47503b6d848ae664c5f4495b22, type: 3}
      propertyPath: m_LocalPosition.y
      value: 2.354
      objectReference: {fileID: 0}
    - target: {fileID: 400000, guid: 82c33c47503b6d848ae664c5f4495b22, type: 3}
      propertyPath: m_LocalPosition.z
      value: -0.015
      objectReference: {fileID: 0}
    - target: {fileID: 400000, guid: 82c33c47503b6d848ae664c5f4495b22, type: 3}
      propertyPath: m_LocalRotation.w
      value: 0.18301378
      objectReference: {fileID: 0}
    - target: {fileID: 400000, guid: 82c33c47503b6d848ae664c5f4495b22, type: 3}
      propertyPath: m_LocalRotation.x
      value: 0.68301153
      objectReference: {fileID: 0}
    - target: {fileID: 400000, guid: 82c33c47503b6d848ae664c5f4495b22, type: 3}
      propertyPath: m_LocalRotation.y
      value: 0.18301322
      objectReference: {fileID: 0}
    - target: {fileID: 400000, guid: 82c33c47503b6d848ae664c5f4495b22, type: 3}
      propertyPath: m_LocalRotation.z
      value: -0.6830135
      objectReference: {fileID: 0}
    - target: {fileID: 400000, guid: 82c33c47503b6d848ae664c5f4495b22, type: 3}
      propertyPath: m_LocalEulerAnglesHint.x
      value: 150
      objectReference: {fileID: 0}
    - target: {fileID: 400000, guid: 82c33c47503b6d848ae664c5f4495b22, type: 3}
      propertyPath: m_LocalEulerAnglesHint.y
      value: 89.99999
      objectReference: {fileID: 0}
    - target: {fileID: 400000, guid: 82c33c47503b6d848ae664c5f4495b22, type: 3}
      propertyPath: m_LocalEulerAnglesHint.z
      value: -0.000015258789
      objectReference: {fileID: 0}
    m_RemovedComponents: []
  m_SourcePrefab: {fileID: 100100000, guid: 82c33c47503b6d848ae664c5f4495b22, type: 3}
--- !u!4 &5074037653586871747 stripped
Transform:
  m_CorrespondingSourceObject: {fileID: 400000, guid: 82c33c47503b6d848ae664c5f4495b22,
    type: 3}
  m_PrefabInstance: {fileID: 5074037653587271491}
  m_PrefabAsset: {fileID: 0}
--- !u!1001 &7076172137870559375
PrefabInstance:
  m_ObjectHideFlags: 0
  serializedVersion: 2
  m_Modification:
    m_TransformParent: {fileID: 1474806951449084801}
    m_Modifications:
    - target: {fileID: 100000, guid: b89438d640fe59f4fbc019b356247047, type: 3}
      propertyPath: m_Name
      value: fi_vil_forge_shortsword2
      objectReference: {fileID: 0}
    - target: {fileID: 400000, guid: b89438d640fe59f4fbc019b356247047, type: 3}
      propertyPath: m_RootOrder
      value: 1
      objectReference: {fileID: 0}
    - target: {fileID: 400000, guid: b89438d640fe59f4fbc019b356247047, type: 3}
      propertyPath: m_LocalScale.x
      value: 1
      objectReference: {fileID: 0}
    - target: {fileID: 400000, guid: b89438d640fe59f4fbc019b356247047, type: 3}
      propertyPath: m_LocalScale.y
      value: 1
      objectReference: {fileID: 0}
    - target: {fileID: 400000, guid: b89438d640fe59f4fbc019b356247047, type: 3}
      propertyPath: m_LocalScale.z
      value: 1.5000002
      objectReference: {fileID: 0}
    - target: {fileID: 400000, guid: b89438d640fe59f4fbc019b356247047, type: 3}
      propertyPath: m_LocalPosition.x
      value: 0.772769
      objectReference: {fileID: 0}
    - target: {fileID: 400000, guid: b89438d640fe59f4fbc019b356247047, type: 3}
      propertyPath: m_LocalPosition.y
      value: 2.5972703
      objectReference: {fileID: 0}
    - target: {fileID: 400000, guid: b89438d640fe59f4fbc019b356247047, type: 3}
      propertyPath: m_LocalPosition.z
      value: 0.007999999
      objectReference: {fileID: 0}
    - target: {fileID: 400000, guid: b89438d640fe59f4fbc019b356247047, type: 3}
      propertyPath: m_LocalRotation.w
      value: 0.35355425
      objectReference: {fileID: 0}
    - target: {fileID: 400000, guid: b89438d640fe59f4fbc019b356247047, type: 3}
      propertyPath: m_LocalRotation.x
      value: 0.6123713
      objectReference: {fileID: 0}
    - target: {fileID: 400000, guid: b89438d640fe59f4fbc019b356247047, type: 3}
      propertyPath: m_LocalRotation.y
      value: 0.3535532
      objectReference: {fileID: 0}
    - target: {fileID: 400000, guid: b89438d640fe59f4fbc019b356247047, type: 3}
      propertyPath: m_LocalRotation.z
      value: -0.6123732
      objectReference: {fileID: 0}
    - target: {fileID: 400000, guid: b89438d640fe59f4fbc019b356247047, type: 3}
      propertyPath: m_LocalEulerAnglesHint.x
      value: 120
      objectReference: {fileID: 0}
    - target: {fileID: 400000, guid: b89438d640fe59f4fbc019b356247047, type: 3}
      propertyPath: m_LocalEulerAnglesHint.y
      value: 89.99999
      objectReference: {fileID: 0}
    - target: {fileID: 400000, guid: b89438d640fe59f4fbc019b356247047, type: 3}
      propertyPath: m_LocalEulerAnglesHint.z
      value: -0.000015258789
      objectReference: {fileID: 0}
    m_RemovedComponents: []
  m_SourcePrefab: {fileID: 100100000, guid: b89438d640fe59f4fbc019b356247047, type: 3}
--- !u!4 &7076172137870692879 stripped
Transform:
  m_CorrespondingSourceObject: {fileID: 400000, guid: b89438d640fe59f4fbc019b356247047,
    type: 3}
  m_PrefabInstance: {fileID: 7076172137870559375}
  m_PrefabAsset: {fileID: 0}
--- !u!1001 &8540486987145549573
PrefabInstance:
  m_ObjectHideFlags: 0
  serializedVersion: 2
  m_Modification:
    m_TransformParent: {fileID: 1474806951449084801}
    m_Modifications:
    - target: {fileID: 100000, guid: 82c33c47503b6d848ae664c5f4495b22, type: 3}
      propertyPath: m_Name
      value: fi_vil_forge_hammer1
      objectReference: {fileID: 0}
    - target: {fileID: 400000, guid: 82c33c47503b6d848ae664c5f4495b22, type: 3}
      propertyPath: m_RootOrder
      value: 3
      objectReference: {fileID: 0}
    - target: {fileID: 400000, guid: 82c33c47503b6d848ae664c5f4495b22, type: 3}
      propertyPath: m_LocalScale.x
      value: 0.2
      objectReference: {fileID: 0}
    - target: {fileID: 400000, guid: 82c33c47503b6d848ae664c5f4495b22, type: 3}
      propertyPath: m_LocalScale.y
      value: 0.7
      objectReference: {fileID: 0}
    - target: {fileID: 400000, guid: 82c33c47503b6d848ae664c5f4495b22, type: 3}
      propertyPath: m_LocalScale.z
      value: 0.7
      objectReference: {fileID: 0}
    - target: {fileID: 400000, guid: 82c33c47503b6d848ae664c5f4495b22, type: 3}
      propertyPath: m_LocalPosition.x
      value: 0.8629999
      objectReference: {fileID: 0}
    - target: {fileID: 400000, guid: 82c33c47503b6d848ae664c5f4495b22, type: 3}
      propertyPath: m_LocalPosition.y
      value: 2.354
      objectReference: {fileID: 0}
    - target: {fileID: 400000, guid: 82c33c47503b6d848ae664c5f4495b22, type: 3}
      propertyPath: m_LocalPosition.z
      value: 0.019
      objectReference: {fileID: 0}
    - target: {fileID: 400000, guid: 82c33c47503b6d848ae664c5f4495b22, type: 3}
      propertyPath: m_LocalRotation.w
      value: 0.18301378
      objectReference: {fileID: 0}
    - target: {fileID: 400000, guid: 82c33c47503b6d848ae664c5f4495b22, type: 3}
      propertyPath: m_LocalRotation.x
      value: 0.68301153
      objectReference: {fileID: 0}
    - target: {fileID: 400000, guid: 82c33c47503b6d848ae664c5f4495b22, type: 3}
      propertyPath: m_LocalRotation.y
      value: 0.18301322
      objectReference: {fileID: 0}
    - target: {fileID: 400000, guid: 82c33c47503b6d848ae664c5f4495b22, type: 3}
      propertyPath: m_LocalRotation.z
      value: -0.6830135
      objectReference: {fileID: 0}
    - target: {fileID: 400000, guid: 82c33c47503b6d848ae664c5f4495b22, type: 3}
      propertyPath: m_LocalEulerAnglesHint.x
      value: 150
      objectReference: {fileID: 0}
    - target: {fileID: 400000, guid: 82c33c47503b6d848ae664c5f4495b22, type: 3}
      propertyPath: m_LocalEulerAnglesHint.y
      value: 89.99999
      objectReference: {fileID: 0}
    - target: {fileID: 400000, guid: 82c33c47503b6d848ae664c5f4495b22, type: 3}
      propertyPath: m_LocalEulerAnglesHint.z
      value: -0.000015258789
      objectReference: {fileID: 0}
    m_RemovedComponents: []
  m_SourcePrefab: {fileID: 100100000, guid: 82c33c47503b6d848ae664c5f4495b22, type: 3}
--- !u!4 &8540486987145940357 stripped
Transform:
  m_CorrespondingSourceObject: {fileID: 400000, guid: 82c33c47503b6d848ae664c5f4495b22,
    type: 3}
  m_PrefabInstance: {fileID: 8540486987145549573}
  m_PrefabAsset: {fileID: 0}
--- !u!1001 &8809120824150219420
PrefabInstance:
  m_ObjectHideFlags: 0
  serializedVersion: 2
  m_Modification:
    m_TransformParent: {fileID: 1474806951449084801}
    m_Modifications:
    - target: {fileID: 100000, guid: 10df2e56ccd7aab43852d068d5caf8fe, type: 3}
      propertyPath: m_Name
      value: fi_vil_signplate06
      objectReference: {fileID: 0}
    - target: {fileID: 400000, guid: 10df2e56ccd7aab43852d068d5caf8fe, type: 3}
      propertyPath: m_RootOrder
      value: 0
      objectReference: {fileID: 0}
    - target: {fileID: 400000, guid: 10df2e56ccd7aab43852d068d5caf8fe, type: 3}
      propertyPath: m_LocalPosition.x
      value: 1.0031341
      objectReference: {fileID: 0}
    - target: {fileID: 400000, guid: 10df2e56ccd7aab43852d068d5caf8fe, type: 3}
      propertyPath: m_LocalPosition.y
      value: 0
      objectReference: {fileID: 0}
    - target: {fileID: 400000, guid: 10df2e56ccd7aab43852d068d5caf8fe, type: 3}
      propertyPath: m_LocalPosition.z
      value: 0
      objectReference: {fileID: 0}
    - target: {fileID: 400000, guid: 10df2e56ccd7aab43852d068d5caf8fe, type: 3}
      propertyPath: m_LocalRotation.w
      value: 1
      objectReference: {fileID: 0}
    - target: {fileID: 400000, guid: 10df2e56ccd7aab43852d068d5caf8fe, type: 3}
      propertyPath: m_LocalRotation.x
      value: 0
      objectReference: {fileID: 0}
    - target: {fileID: 400000, guid: 10df2e56ccd7aab43852d068d5caf8fe, type: 3}
      propertyPath: m_LocalRotation.y
      value: 0
      objectReference: {fileID: 0}
    - target: {fileID: 400000, guid: 10df2e56ccd7aab43852d068d5caf8fe, type: 3}
      propertyPath: m_LocalRotation.z
      value: 0
      objectReference: {fileID: 0}
    - target: {fileID: 400000, guid: 10df2e56ccd7aab43852d068d5caf8fe, type: 3}
      propertyPath: m_LocalEulerAnglesHint.x
      value: 0
      objectReference: {fileID: 0}
    - target: {fileID: 400000, guid: 10df2e56ccd7aab43852d068d5caf8fe, type: 3}
      propertyPath: m_LocalEulerAnglesHint.y
      value: 0
      objectReference: {fileID: 0}
    - target: {fileID: 400000, guid: 10df2e56ccd7aab43852d068d5caf8fe, type: 3}
      propertyPath: m_LocalEulerAnglesHint.z
      value: 0
      objectReference: {fileID: 0}
    m_RemovedComponents: []
  m_SourcePrefab: {fileID: 100100000, guid: 10df2e56ccd7aab43852d068d5caf8fe, type: 3}
--- !u!4 &8809120824150605852 stripped
Transform:
  m_CorrespondingSourceObject: {fileID: 400000, guid: 10df2e56ccd7aab43852d068d5caf8fe,
    type: 3}
  m_PrefabInstance: {fileID: 8809120824150219420}
  m_PrefabAsset: {fileID: 0}
