%YAML 1.1
%TAG !u! tag:unity3d.com,2011:
--- !u!1 &4983049741174717019
GameObject:
  m_ObjectHideFlags: 0
  m_CorrespondingSourceObject: {fileID: 0}
  m_PrefabInstance: {fileID: 0}
  m_PrefabAsset: {fileID: 0}
  serializedVersion: 6
  m_Component:
  - component: {fileID: 4983049741174941307}
  - component: {fileID: 4983049741175744091}
  - component: {fileID: 4983049741176710299}
  - component: {fileID: 9094512318595868138}
  m_Layer: 0
  m_Name: fi_vil_forge_weaponrack7
  m_TagString: Untagged
  m_Icon: {fileID: 0}
  m_NavMeshLayer: 0
  m_StaticEditorFlags: 0
  m_IsActive: 1
--- !u!4 &4983049741174941307
Transform:
  m_ObjectHideFlags: 0
  m_CorrespondingSourceObject: {fileID: 0}
  m_PrefabInstance: {fileID: 0}
  m_PrefabAsset: {fileID: 0}
  m_GameObject: {fileID: 4983049741174717019}
  m_LocalRotation: {x: -0, y: -0, z: -0, w: 1}
  m_LocalPosition: {x: -6.1, y: -0.5, z: -2.5}
  m_LocalScale: {x: 1, y: 1, z: 1}
  m_Children:
  - {fileID: 6023088746548386948}
  - {fileID: 1481646528135576929}
  - {fileID: 3874587956826024103}
  - {fileID: 4937055650150709944}
  m_Father: {fileID: 0}
  m_RootOrder: 0
  m_LocalEulerAnglesHint: {x: 0, y: 0, z: 0}
--- !u!33 &4983049741175744091
MeshFilter:
  m_ObjectHideFlags: 0
  m_CorrespondingSourceObject: {fileID: 0}
  m_PrefabInstance: {fileID: 0}
  m_PrefabAsset: {fileID: 0}
  m_GameObject: {fileID: 4983049741174717019}
  m_Mesh: {fileID: 4300000, guid: 458a2cdeafbc1234883e893e78904087, type: 3}
--- !u!23 &4983049741176710299
MeshRenderer:
  m_ObjectHideFlags: 0
  m_CorrespondingSourceObject: {fileID: 0}
  m_PrefabInstance: {fileID: 0}
  m_PrefabAsset: {fileID: 0}
  m_GameObject: {fileID: 4983049741174717019}
  m_Enabled: 1
  m_CastShadows: 1
  m_ReceiveShadows: 1
  m_DynamicOccludee: 1
  m_MotionVectors: 1
  m_LightProbeUsage: 0
  m_ReflectionProbeUsage: 1
  m_RayTracingMode: 2
  m_RenderingLayerMask: 1
  m_RendererPriority: 0
  m_Materials:
  - {fileID: 2100000, guid: d7823f7788ad82e4ea3d2f1c45ecc7c0, type: 2}
  m_StaticBatchInfo:
    firstSubMesh: 0
    subMeshCount: 0
  m_StaticBatchRoot: {fileID: 0}
  m_ProbeAnchor: {fileID: 0}
  m_LightProbeVolumeOverride: {fileID: 0}
  m_ScaleInLightmap: 1
  m_ReceiveGI: 1
  m_PreserveUVs: 0
  m_IgnoreNormalsForChartDetection: 0
  m_ImportantGI: 0
  m_StitchLightmapSeams: 1
  m_SelectedEditorRenderState: 3
  m_MinimumChartSize: 4
  m_AutoUVMaxDistance: 0.5
  m_AutoUVMaxAngle: 89
  m_LightmapParameters: {fileID: 0}
  m_SortingLayerID: 0
  m_SortingLayer: 0
  m_SortingOrder: 0
--- !u!64 &9094512318595868138
MeshCollider:
  m_ObjectHideFlags: 0
  m_CorrespondingSourceObject: {fileID: 0}
  m_PrefabInstance: {fileID: 0}
  m_PrefabAsset: {fileID: 0}
  m_GameObject: {fileID: 4983049741174717019}
  m_Material: {fileID: 0}
  m_IsTrigger: 0
  m_Enabled: 1
  serializedVersion: 4
  m_Convex: 0
  m_CookingOptions: 30
  m_Mesh: {fileID: 4300000, guid: 458a2cdeafbc1234883e893e78904087, type: 3}
--- !u!1001 &1764228231812170222
PrefabInstance:
  m_ObjectHideFlags: 0
  serializedVersion: 2
  m_Modification:
    m_TransformParent: {fileID: 4983049741174941307}
    m_Modifications:
    - target: {fileID: 4658503068885338064, guid: 2e1198cd840cf34499092b343c6974ae,
        type: 3}
      propertyPath: m_Name
      value: Axe1
      objectReference: {fileID: 0}
    - target: {fileID: 5471173671182277994, guid: 2e1198cd840cf34499092b343c6974ae,
        type: 3}
      propertyPath: m_RootOrder
      value: 0
      objectReference: {fileID: 0}
    - target: {fileID: 5471173671182277994, guid: 2e1198cd840cf34499092b343c6974ae,
        type: 3}
      propertyPath: m_LocalPosition.x
      value: 0.1
      objectReference: {fileID: 0}
    - target: {fileID: 5471173671182277994, guid: 2e1198cd840cf34499092b343c6974ae,
        type: 3}
      propertyPath: m_LocalPosition.y
      value: 2.442
      objectReference: {fileID: 0}
    - target: {fileID: 5471173671182277994, guid: 2e1198cd840cf34499092b343c6974ae,
        type: 3}
      propertyPath: m_LocalPosition.z
      value: -0.241
      objectReference: {fileID: 0}
    - target: {fileID: 5471173671182277994, guid: 2e1198cd840cf34499092b343c6974ae,
        type: 3}
      propertyPath: m_LocalRotation.w
      value: -0.49999857
      objectReference: {fileID: 0}
    - target: {fileID: 5471173671182277994, guid: 2e1198cd840cf34499092b343c6974ae,
        type: 3}
      propertyPath: m_LocalRotation.x
      value: 0.5
      objectReference: {fileID: 0}
    - target: {fileID: 5471173671182277994, guid: 2e1198cd840cf34499092b343c6974ae,
        type: 3}
      propertyPath: m_LocalRotation.y
      value: 0.50000006
      objectReference: {fileID: 0}
    - target: {fileID: 5471173671182277994, guid: 2e1198cd840cf34499092b343c6974ae,
        type: 3}
      propertyPath: m_LocalRotation.z
      value: -0.5000014
      objectReference: {fileID: 0}
    - target: {fileID: 5471173671182277994, guid: 2e1198cd840cf34499092b343c6974ae,
        type: 3}
      propertyPath: m_LocalEulerAnglesHint.x
      value: 180
      objectReference: {fileID: 0}
    - target: {fileID: 5471173671182277994, guid: 2e1198cd840cf34499092b343c6974ae,
        type: 3}
      propertyPath: m_LocalEulerAnglesHint.y
      value: 89.99999
      objectReference: {fileID: 0}
    - target: {fileID: 5471173671182277994, guid: 2e1198cd840cf34499092b343c6974ae,
        type: 3}
      propertyPath: m_LocalEulerAnglesHint.z
      value: -90
      objectReference: {fileID: 0}
    m_RemovedComponents: []
  m_SourcePrefab: {fileID: 100100000, guid: 2e1198cd840cf34499092b343c6974ae, type: 3}
--- !u!4 &6023088746548386948 stripped
Transform:
  m_CorrespondingSourceObject: {fileID: 5471173671182277994, guid: 2e1198cd840cf34499092b343c6974ae,
    type: 3}
  m_PrefabInstance: {fileID: 1764228231812170222}
  m_PrefabAsset: {fileID: 0}
--- !u!1001 &3874587956825671099
PrefabInstance:
  m_ObjectHideFlags: 0
  serializedVersion: 2
  m_Modification:
    m_TransformParent: {fileID: 4983049741174941307}
    m_Modifications:
    - target: {fileID: 154230, guid: 1aa566d6e9690324197fda217dad6b6d, type: 3}
      propertyPath: m_Name
      value: fe_vil_wagons_wood_axesingleA
      objectReference: {fileID: 0}
    - target: {fileID: 453916, guid: 1aa566d6e9690324197fda217dad6b6d, type: 3}
      propertyPath: m_RootOrder
      value: 2
      objectReference: {fileID: 0}
    - target: {fileID: 453916, guid: 1aa566d6e9690324197fda217dad6b6d, type: 3}
      propertyPath: m_LocalPosition.x
      value: 0.07805967
      objectReference: {fileID: 0}
    - target: {fileID: 453916, guid: 1aa566d6e9690324197fda217dad6b6d, type: 3}
      propertyPath: m_LocalPosition.y
      value: 2.409
      objectReference: {fileID: 0}
    - target: {fileID: 453916, guid: 1aa566d6e9690324197fda217dad6b6d, type: 3}
      propertyPath: m_LocalPosition.z
      value: 0.16700006
      objectReference: {fileID: 0}
    - target: {fileID: 453916, guid: 1aa566d6e9690324197fda217dad6b6d, type: 3}
      propertyPath: m_LocalRotation.w
      value: 0
      objectReference: {fileID: 0}
    - target: {fileID: 453916, guid: 1aa566d6e9690324197fda217dad6b6d, type: 3}
      propertyPath: m_LocalRotation.x
      value: -0
      objectReference: {fileID: 0}
    - target: {fileID: 453916, guid: 1aa566d6e9690324197fda217dad6b6d, type: 3}
      propertyPath: m_LocalRotation.y
      value: 0.9998152
      objectReference: {fileID: 0}
    - target: {fileID: 453916, guid: 1aa566d6e9690324197fda217dad6b6d, type: 3}
      propertyPath: m_LocalRotation.z
      value: -0.019224882
      objectReference: {fileID: 0}
    - target: {fileID: 453916, guid: 1aa566d6e9690324197fda217dad6b6d, type: 3}
      propertyPath: m_LocalEulerAnglesHint.x
      value: 0
      objectReference: {fileID: 0}
    - target: {fileID: 453916, guid: 1aa566d6e9690324197fda217dad6b6d, type: 3}
      propertyPath: m_LocalEulerAnglesHint.y
      value: 0
      objectReference: {fileID: 0}
    - target: {fileID: 453916, guid: 1aa566d6e9690324197fda217dad6b6d, type: 3}
      propertyPath: m_LocalEulerAnglesHint.z
      value: 0
      objectReference: {fileID: 0}
    m_RemovedComponents: []
  m_SourcePrefab: {fileID: 100100000, guid: 1aa566d6e9690324197fda217dad6b6d, type: 3}
--- !u!4 &3874587956826024103 stripped
Transform:
  m_CorrespondingSourceObject: {fileID: 453916, guid: 1aa566d6e9690324197fda217dad6b6d,
    type: 3}
  m_PrefabInstance: {fileID: 3874587956825671099}
  m_PrefabAsset: {fileID: 0}
--- !u!1001 &4937055650151032278
PrefabInstance:
  m_ObjectHideFlags: 0
  serializedVersion: 2
  m_Modification:
    m_TransformParent: {fileID: 4983049741174941307}
    m_Modifications:
    - target: {fileID: 123728, guid: fa024f50943a6a44d8da0a124f5047b0, type: 3}
      propertyPath: m_Name
      value: fe_vil_wagons_wood_axedoubleA
      objectReference: {fileID: 0}
    - target: {fileID: 466798, guid: fa024f50943a6a44d8da0a124f5047b0, type: 3}
      propertyPath: m_RootOrder
      value: 3
      objectReference: {fileID: 0}
    - target: {fileID: 466798, guid: fa024f50943a6a44d8da0a124f5047b0, type: 3}
      propertyPath: m_LocalPosition.x
      value: 0.07805967
      objectReference: {fileID: 0}
    - target: {fileID: 466798, guid: fa024f50943a6a44d8da0a124f5047b0, type: 3}
      propertyPath: m_LocalPosition.y
      value: 2.26
      objectReference: {fileID: 0}
    - target: {fileID: 466798, guid: fa024f50943a6a44d8da0a124f5047b0, type: 3}
      propertyPath: m_LocalPosition.z
      value: -0.84
      objectReference: {fileID: 0}
    - target: {fileID: 466798, guid: fa024f50943a6a44d8da0a124f5047b0, type: 3}
      propertyPath: m_LocalRotation.w
      value: 1
      objectReference: {fileID: 0}
    - target: {fileID: 466798, guid: fa024f50943a6a44d8da0a124f5047b0, type: 3}
      propertyPath: m_LocalRotation.x
      value: -0
      objectReference: {fileID: 0}
    - target: {fileID: 466798, guid: fa024f50943a6a44d8da0a124f5047b0, type: 3}
      propertyPath: m_LocalRotation.y
      value: -0
      objectReference: {fileID: 0}
    - target: {fileID: 466798, guid: fa024f50943a6a44d8da0a124f5047b0, type: 3}
      propertyPath: m_LocalRotation.z
      value: -0
      objectReference: {fileID: 0}
    - target: {fileID: 466798, guid: fa024f50943a6a44d8da0a124f5047b0, type: 3}
      propertyPath: m_LocalEulerAnglesHint.x
      value: 0
      objectReference: {fileID: 0}
    - target: {fileID: 466798, guid: fa024f50943a6a44d8da0a124f5047b0, type: 3}
      propertyPath: m_LocalEulerAnglesHint.y
      value: 0
      objectReference: {fileID: 0}
    - target: {fileID: 466798, guid: fa024f50943a6a44d8da0a124f5047b0, type: 3}
      propertyPath: m_LocalEulerAnglesHint.z
      value: 0
      objectReference: {fileID: 0}
    m_RemovedComponents: []
  m_SourcePrefab: {fileID: 100100000, guid: fa024f50943a6a44d8da0a124f5047b0, type: 3}
--- !u!4 &4937055650150709944 stripped
Transform:
  m_CorrespondingSourceObject: {fileID: 466798, guid: fa024f50943a6a44d8da0a124f5047b0,
    type: 3}
  m_PrefabInstance: {fileID: 4937055650151032278}
  m_PrefabAsset: {fileID: 0}
--- !u!1001 &7771074240930542317
PrefabInstance:
  m_ObjectHideFlags: 0
  serializedVersion: 2
  m_Modification:
    m_TransformParent: {fileID: 4983049741174941307}
    m_Modifications:
    - target: {fileID: 8366680814063981878, guid: 2738273cc97bda243956a203c4b98fc1,
        type: 3}
      propertyPath: m_Name
      value: Axe2
      objectReference: {fileID: 0}
    - target: {fileID: 9176008871438471052, guid: 2738273cc97bda243956a203c4b98fc1,
        type: 3}
      propertyPath: m_RootOrder
      value: 1
      objectReference: {fileID: 0}
    - target: {fileID: 9176008871438471052, guid: 2738273cc97bda243956a203c4b98fc1,
        type: 3}
      propertyPath: m_LocalPosition.x
      value: 0.09499979
      objectReference: {fileID: 0}
    - target: {fileID: 9176008871438471052, guid: 2738273cc97bda243956a203c4b98fc1,
        type: 3}
      propertyPath: m_LocalPosition.y
      value: 2.471
      objectReference: {fileID: 0}
    - target: {fileID: 9176008871438471052, guid: 2738273cc97bda243956a203c4b98fc1,
        type: 3}
      propertyPath: m_LocalPosition.z
      value: 0.602
      objectReference: {fileID: 0}
    - target: {fileID: 9176008871438471052, guid: 2738273cc97bda243956a203c4b98fc1,
        type: 3}
      propertyPath: m_LocalRotation.w
      value: -0.0000014603138
      objectReference: {fileID: 0}
    - target: {fileID: 9176008871438471052, guid: 2738273cc97bda243956a203c4b98fc1,
        type: 3}
      propertyPath: m_LocalRotation.x
      value: 0.0000015497168
      objectReference: {fileID: 0}
    - target: {fileID: 9176008871438471052, guid: 2738273cc97bda243956a203c4b98fc1,
        type: 3}
      propertyPath: m_LocalRotation.y
      value: 1
      objectReference: {fileID: 0}
    - target: {fileID: 9176008871438471052, guid: 2738273cc97bda243956a203c4b98fc1,
        type: 3}
      propertyPath: m_LocalRotation.z
      value: -0.0000013592423
      objectReference: {fileID: 0}
    - target: {fileID: 9176008871438471052, guid: 2738273cc97bda243956a203c4b98fc1,
        type: 3}
      propertyPath: m_LocalEulerAnglesHint.x
      value: 180
      objectReference: {fileID: 0}
    - target: {fileID: 9176008871438471052, guid: 2738273cc97bda243956a203c4b98fc1,
        type: 3}
      propertyPath: m_LocalEulerAnglesHint.y
      value: -0.000015258789
      objectReference: {fileID: 0}
    - target: {fileID: 9176008871438471052, guid: 2738273cc97bda243956a203c4b98fc1,
        type: 3}
      propertyPath: m_LocalEulerAnglesHint.z
      value: -180
      objectReference: {fileID: 0}
    m_RemovedComponents: []
  m_SourcePrefab: {fileID: 100100000, guid: 2738273cc97bda243956a203c4b98fc1, type: 3}
--- !u!4 &1481646528135576929 stripped
Transform:
  m_CorrespondingSourceObject: {fileID: 9176008871438471052, guid: 2738273cc97bda243956a203c4b98fc1,
    type: 3}
  m_PrefabInstance: {fileID: 7771074240930542317}
  m_PrefabAsset: {fileID: 0}
