%YAML 1.1
%TAG !u! tag:unity3d.com,2011:
--- !u!1 &716114624708630518
GameObject:
  m_ObjectHideFlags: 0
  m_CorrespondingSourceObject: {fileID: 0}
  m_PrefabInstance: {fileID: 0}
  m_PrefabAsset: {fileID: 0}
  serializedVersion: 6
  m_Component:
  - component: {fileID: 716114624709118934}
  - component: {fileID: 716114624705694710}
  - component: {fileID: 716114624706693430}
  - component: {fileID: 6459543682520450611}
  m_Layer: 12
  m_Name: fi_vil_container_barrel_big_sidex3
  m_TagString: Untagged
  m_Icon: {fileID: 0}
  m_NavMeshLayer: 0
  m_StaticEditorFlags: 0
  m_IsActive: 1
--- !u!4 &716114624709118934
Transform:
  m_ObjectHideFlags: 0
  m_CorrespondingSourceObject: {fileID: 0}
  m_PrefabInstance: {fileID: 0}
  m_PrefabAsset: {fileID: 0}
  m_GameObject: {fileID: 716114624708630518}
  m_LocalRotation: {x: 0, y: 0.7071068, z: 0, w: 0.7071068}
  m_LocalPosition: {x: -1.21, y: 0.03, z: 4.19}
  m_LocalScale: {x: 1, y: 1, z: 1}
  m_Children:
  - {fileID: 3128219842305455024}
  - {fileID: 8735621337364243180}
  m_Father: {fileID: 0}
  m_RootOrder: 0
  m_LocalEulerAnglesHint: {x: 0, y: 90, z: 0}
--- !u!33 &716114624705694710
MeshFilter:
  m_ObjectHideFlags: 0
  m_CorrespondingSourceObject: {fileID: 0}
  m_PrefabInstance: {fileID: 0}
  m_PrefabAsset: {fileID: 0}
  m_GameObject: {fileID: 716114624708630518}
  m_Mesh: {fileID: 4300000, guid: 675b2a799b92dd245be387ae237e1034, type: 3}
--- !u!23 &716114624706693430
MeshRenderer:
  m_ObjectHideFlags: 0
  m_CorrespondingSourceObject: {fileID: 0}
  m_PrefabInstance: {fileID: 0}
  m_PrefabAsset: {fileID: 0}
  m_GameObject: {fileID: 716114624708630518}
  m_Enabled: 1
  m_CastShadows: 1
  m_ReceiveShadows: 1
  m_DynamicOccludee: 1
  m_MotionVectors: 1
  m_LightProbeUsage: 0
  m_ReflectionProbeUsage: 1
  m_RayTracingMode: 2
  m_RenderingLayerMask: 1
  m_RendererPriority: 0
  m_Materials:
  - {fileID: 2100000, guid: 470cc9557bcfd2544a3d520568324650, type: 2}
  m_StaticBatchInfo:
    firstSubMesh: 0
    subMeshCount: 0
  m_StaticBatchRoot: {fileID: 0}
  m_ProbeAnchor: {fileID: 0}
  m_LightProbeVolumeOverride: {fileID: 0}
  m_ScaleInLightmap: 1
  m_ReceiveGI: 1
  m_PreserveUVs: 0
  m_IgnoreNormalsForChartDetection: 0
  m_ImportantGI: 0
  m_StitchLightmapSeams: 1
  m_SelectedEditorRenderState: 3
  m_MinimumChartSize: 4
  m_AutoUVMaxDistance: 0.5
  m_AutoUVMaxAngle: 89
  m_LightmapParameters: {fileID: 0}
  m_SortingLayerID: 0
  m_SortingLayer: 0
  m_SortingOrder: 0
--- !u!64 &6459543682520450611
MeshCollider:
  m_ObjectHideFlags: 0
  m_CorrespondingSourceObject: {fileID: 0}
  m_PrefabInstance: {fileID: 0}
  m_PrefabAsset: {fileID: 0}
  m_GameObject: {fileID: 716114624708630518}
  m_Material: {fileID: 0}
  m_IsTrigger: 0
  m_Enabled: 1
  serializedVersion: 4
  m_Convex: 0
  m_CookingOptions: 30
  m_Mesh: {fileID: 4300000, guid: 675b2a799b92dd245be387ae237e1034, type: 3}
--- !u!1001 &3128219842305845552
PrefabInstance:
  m_ObjectHideFlags: 0
  serializedVersion: 2
  m_Modification:
    m_TransformParent: {fileID: 716114624709118934}
    m_Modifications:
    - target: {fileID: 100000, guid: 430c12eb4d4b36446bf15dc1f76f049c, type: 3}
      propertyPath: m_Name
      value: fi_vil_container_keg_stand (1)
      objectReference: {fileID: 0}
    - target: {fileID: 400000, guid: 430c12eb4d4b36446bf15dc1f76f049c, type: 3}
      propertyPath: m_RootOrder
      value: 0
      objectReference: {fileID: 0}
    - target: {fileID: 400000, guid: 430c12eb4d4b36446bf15dc1f76f049c, type: 3}
      propertyPath: m_LocalPosition.x
      value: -0.07000024
      objectReference: {fileID: 0}
    - target: {fileID: 400000, guid: 430c12eb4d4b36446bf15dc1f76f049c, type: 3}
      propertyPath: m_LocalPosition.y
      value: -0.03
      objectReference: {fileID: 0}
    - target: {fileID: 400000, guid: 430c12eb4d4b36446bf15dc1f76f049c, type: 3}
      propertyPath: m_LocalPosition.z
      value: 0.54
      objectReference: {fileID: 0}
    - target: {fileID: 400000, guid: 430c12eb4d4b36446bf15dc1f76f049c, type: 3}
      propertyPath: m_LocalRotation.w
      value: 1
      objectReference: {fileID: 0}
    - target: {fileID: 400000, guid: 430c12eb4d4b36446bf15dc1f76f049c, type: 3}
      propertyPath: m_LocalRotation.x
      value: -0
      objectReference: {fileID: 0}
    - target: {fileID: 400000, guid: 430c12eb4d4b36446bf15dc1f76f049c, type: 3}
      propertyPath: m_LocalRotation.y
      value: -0
      objectReference: {fileID: 0}
    - target: {fileID: 400000, guid: 430c12eb4d4b36446bf15dc1f76f049c, type: 3}
      propertyPath: m_LocalRotation.z
      value: -0
      objectReference: {fileID: 0}
    - target: {fileID: 400000, guid: 430c12eb4d4b36446bf15dc1f76f049c, type: 3}
      propertyPath: m_LocalEulerAnglesHint.x
      value: 0
      objectReference: {fileID: 0}
    - target: {fileID: 400000, guid: 430c12eb4d4b36446bf15dc1f76f049c, type: 3}
      propertyPath: m_LocalEulerAnglesHint.y
      value: 90
      objectReference: {fileID: 0}
    - target: {fileID: 400000, guid: 430c12eb4d4b36446bf15dc1f76f049c, type: 3}
      propertyPath: m_LocalEulerAnglesHint.z
      value: 0
      objectReference: {fileID: 0}
    m_RemovedComponents: []
  m_SourcePrefab: {fileID: 100100000, guid: 430c12eb4d4b36446bf15dc1f76f049c, type: 3}
--- !u!4 &3128219842305455024 stripped
Transform:
  m_CorrespondingSourceObject: {fileID: 400000, guid: 430c12eb4d4b36446bf15dc1f76f049c,
    type: 3}
  m_PrefabInstance: {fileID: 3128219842305845552}
  m_PrefabAsset: {fileID: 0}
--- !u!1001 &8735621337364379756
PrefabInstance:
  m_ObjectHideFlags: 0
  serializedVersion: 2
  m_Modification:
    m_TransformParent: {fileID: 716114624709118934}
    m_Modifications:
    - target: {fileID: 100000, guid: 430c12eb4d4b36446bf15dc1f76f049c, type: 3}
      propertyPath: m_Name
      value: fi_vil_container_keg_stand
      objectReference: {fileID: 0}
    - target: {fileID: 400000, guid: 430c12eb4d4b36446bf15dc1f76f049c, type: 3}
      propertyPath: m_RootOrder
      value: 1
      objectReference: {fileID: 0}
    - target: {fileID: 400000, guid: 430c12eb4d4b36446bf15dc1f76f049c, type: 3}
      propertyPath: m_LocalPosition.x
      value: -0.07000012
      objectReference: {fileID: 0}
    - target: {fileID: 400000, guid: 430c12eb4d4b36446bf15dc1f76f049c, type: 3}
      propertyPath: m_LocalPosition.y
      value: -0.03
      objectReference: {fileID: 0}
    - target: {fileID: 400000, guid: 430c12eb4d4b36446bf15dc1f76f049c, type: 3}
      propertyPath: m_LocalPosition.z
      value: -0.57
      objectReference: {fileID: 0}
    - target: {fileID: 400000, guid: 430c12eb4d4b36446bf15dc1f76f049c, type: 3}
      propertyPath: m_LocalRotation.w
      value: 1
      objectReference: {fileID: 0}
    - target: {fileID: 400000, guid: 430c12eb4d4b36446bf15dc1f76f049c, type: 3}
      propertyPath: m_LocalRotation.x
      value: -0
      objectReference: {fileID: 0}
    - target: {fileID: 400000, guid: 430c12eb4d4b36446bf15dc1f76f049c, type: 3}
      propertyPath: m_LocalRotation.y
      value: -0
      objectReference: {fileID: 0}
    - target: {fileID: 400000, guid: 430c12eb4d4b36446bf15dc1f76f049c, type: 3}
      propertyPath: m_LocalRotation.z
      value: -0
      objectReference: {fileID: 0}
    - target: {fileID: 400000, guid: 430c12eb4d4b36446bf15dc1f76f049c, type: 3}
      propertyPath: m_LocalEulerAnglesHint.x
      value: 0
      objectReference: {fileID: 0}
    - target: {fileID: 400000, guid: 430c12eb4d4b36446bf15dc1f76f049c, type: 3}
      propertyPath: m_LocalEulerAnglesHint.y
      value: 90
      objectReference: {fileID: 0}
    - target: {fileID: 400000, guid: 430c12eb4d4b36446bf15dc1f76f049c, type: 3}
      propertyPath: m_LocalEulerAnglesHint.z
      value: 0
      objectReference: {fileID: 0}
    m_RemovedComponents: []
  m_SourcePrefab: {fileID: 100100000, guid: 430c12eb4d4b36446bf15dc1f76f049c, type: 3}
--- !u!4 &8735621337364243180 stripped
Transform:
  m_CorrespondingSourceObject: {fileID: 400000, guid: 430c12eb4d4b36446bf15dc1f76f049c,
    type: 3}
  m_PrefabInstance: {fileID: 8735621337364379756}
  m_PrefabAsset: {fileID: 0}
